[gd_scene load_steps=7 format=2]

[ext_resource path="res://tres/big_message.tres" type="DynamicFont" id=1]
[ext_resource path="res://scripts/GameOverPanel.gd" type="Script" id=2]
[ext_resource path="res://res/gfx/endcard.png" type="Texture" id=3]
[ext_resource path="res://tres/hud_text.tres" type="DynamicFont" id=4]
[ext_resource path="res://addons/silent_wolf/Scores/Leaderboard.gd" type="Script" id=5]

[sub_resource type="Theme" id=3]

[node name="GameOverPanel" type="Control"]
anchor_right = 1.0
anchor_bottom = 1.0
script = ExtResource( 2 )

[node name="FlavorImage" type="TextureRect" parent="."]
anchor_right = 0.8
anchor_bottom = 1.0
texture = ExtResource( 3 )
expand = true
stretch_mode = 6

[node name="ScoreLabel" type="Label" parent="."]
anchor_top = 0.85
anchor_right = 0.67
anchor_bottom = 1.0
custom_fonts/font = ExtResource( 1 )
text = "Final Score: 42"
align = 1
valign = 1
__meta__ = {
"_edit_use_anchors_": false
}

[node name="ContinueButton" type="Button" parent="."]
anchor_left = 0.75
anchor_top = 0.87
anchor_right = 0.95
anchor_bottom = 0.98
custom_fonts/font = ExtResource( 4 )
text = "restart"

[node name="SubmitButton" type="Button" parent="."]
anchor_left = 0.75
anchor_top = 0.75
anchor_right = 0.95
anchor_bottom = 0.86
custom_fonts/font = ExtResource( 4 )
text = "Send Score"

[node name="Leaderboard" type="Control" parent="."]
anchor_left = 0.67
anchor_right = 0.8
script = ExtResource( 5 )

[node name="Board" type="VBoxContainer" parent="Leaderboard"]
margin_right = 248.0
margin_bottom = 359.0
custom_constants/separation = 0

[node name="TitleContainer" type="CenterContainer" parent="Leaderboard/Board"]
margin_right = 248.0
margin_bottom = 22.0

[node name="Label" type="Label" parent="Leaderboard/Board/TitleContainer"]
margin_left = 37.0
margin_right = 210.0
margin_bottom = 22.0
custom_fonts/font = ExtResource( 4 )
text = "Leaderboard"

[node name="MessageContainer" type="CenterContainer" parent="Leaderboard/Board"]
visible = false
margin_top = 89.0
margin_right = 1864.0
margin_bottom = 126.0

[node name="TextMessage" type="Label" parent="Leaderboard/Board/MessageContainer"]
margin_left = 823.0
margin_top = 7.0
margin_right = 1040.0
margin_bottom = 29.0
custom_fonts/font = ExtResource( 4 )
text = "Loading scores..."
valign = 1

[node name="HighScores" type="CenterContainer" parent="Leaderboard/Board"]
margin_top = 22.0
margin_right = 248.0
margin_bottom = 122.0
rect_min_size = Vector2( 0, 100 )
theme = SubResource( 3 )

[node name="ScoreItemContainer" type="VBoxContainer" parent="Leaderboard/Board/HighScores"]
margin_left = 124.0
margin_top = 50.0
margin_right = 124.0
margin_bottom = 50.0

[node name="SubmitPopup" type="PopupDialog" parent="."]
anchor_left = 0.33
anchor_top = 0.33
anchor_right = 0.67
anchor_bottom = 0.67
margin_left = -20.0
margin_top = -20.0
margin_right = 20.0
margin_bottom = 20.0

[node name="Label" type="Label" parent="SubmitPopup"]
anchor_left = 0.1
anchor_top = 0.1
anchor_right = 0.9
anchor_bottom = 0.25
custom_fonts/font = ExtResource( 4 )
text = "your name:"
align = 1
valign = 1

[node name="NameEdit" type="LineEdit" parent="SubmitPopup"]
anchor_left = 0.15
anchor_top = 0.35
anchor_right = 0.85
anchor_bottom = 0.55
custom_fonts/font = ExtResource( 4 )
max_length = 15

[node name="SubmitCancel" type="Button" parent="SubmitPopup"]
visible = false
anchor_left = 0.1
anchor_top = 0.65
anchor_right = 0.4
anchor_bottom = 0.9
custom_fonts/font = ExtResource( 4 )
text = "Cancel"

[node name="SubmitOK" type="Button" parent="SubmitPopup"]
anchor_left = 0.6
anchor_top = 0.65
anchor_right = 0.9
anchor_bottom = 0.9
custom_fonts/font = ExtResource( 4 )
text = "OK"

[connection signal="pressed" from="ContinueButton" to="." method="game_continue"]
[connection signal="pressed" from="SubmitButton" to="." method="submit_button_pressed"]
[connection signal="pressed" from="SubmitPopup/SubmitCancel" to="." method="submit_cancel"]
[connection signal="pressed" from="SubmitPopup/SubmitOK" to="." method="submit_ok"]
